<record><leader>00000cas a2200000 a 4500</leader><controlfield tag="001">9992967</controlfield><controlfield tag="008">831007d18651906nyucr ne      0    0eng c</controlfield><datafield ind1=" " ind2=" " tag="010"><subfield code="a">sn 83031283 </subfield></datafield><datafield ind1=" " ind2=" " tag="040"><subfield code="a">NPU</subfield><subfield code="b">eng</subfield><subfield code="c">NPU</subfield><subfield code="d">NPX</subfield><subfield code="d">NYS</subfield><subfield code="d">OCLCQ</subfield><subfield code="d">OCLCO</subfield></datafield><datafield ind1="1" ind2=" " tag="029"><subfield code="a">AU@</subfield><subfield code="b">000024135187</subfield></datafield><datafield ind1=" " ind2=" " tag="042"><subfield code="a">pcc</subfield></datafield><datafield ind1=" " ind2=" " tag="043"><subfield code="a">n-us-ny</subfield></datafield><datafield ind1="0" ind2="0" tag="245"><subfield code="a">Orange County press.</subfield></datafield><datafield ind1="1" ind2="3" tag="246"><subfield code="a">Orange County semi-weekly press</subfield><subfield code="f">&lt;1883&gt;</subfield></datafield><datafield ind1=" " ind2=" " tag="260"><subfield code="a">Middletown, N.Y. :</subfield><subfield code="b">[Moses D. Stivers],</subfield><subfield code="c">1865-</subfield></datafield><datafield ind1=" " ind2=" " tag="300"><subfield code="a">v. ;</subfield><subfield code="c">71 cm.</subfield></datafield><datafield ind1=" " ind2=" " tag="310"><subfield code="a">Semiweekly,</subfield><subfield code="b">July 24, 1883-1906</subfield></datafield><datafield ind1=" " ind2=" " tag="321"><subfield code="a">Weekly,</subfield><subfield code="b">Nov. 22, 1865-July 20, 1883</subfield></datafield><datafield ind1="0" ind2=" " tag="362"><subfield code="a">Vol. 15, no. 1 (Nov. 22, 1865)- = whole no. 730-</subfield></datafield><datafield ind1="1" ind2=" " tag="362"><subfield code="a">Ceased in Jan. 1906.</subfield><subfield code="z">Cf. Williams, F.B. Middletown, a biography.</subfield></datafield><datafield ind1=" " ind2=" " tag="500"><subfield code="a">Publishers: Moses D. Stivers, &lt;1869&gt;; Moses D. Stivers &amp; John W. Slauson, &lt;1876&gt;; Stivers, Slauson &amp; Boyd, &lt;1884-1885&gt;.</subfield></datafield><datafield ind1=" " ind2=" " tag="500"><subfield code="a">"A Journal of Progress-Devoted to News, Politics, Education, Science, Agriculture, Local Intelligence, &amp; c," 1866.</subfield></datafield><datafield ind1=" " ind2=" " tag="500"><subfield code="a">Editors: Moses D. Stivers, &lt;1876&gt;; John W. Slauson, &lt;1876&gt;.</subfield></datafield><datafield ind1="4" ind2=" " tag="510"><subfield code="a">Gregory, W. Amer. newspapers, 1820-1936</subfield><subfield code="c">p. 458</subfield></datafield><datafield ind1=" " ind2=" " tag="530"><subfield code="a">Microfilm available from Hudson Micrographics.</subfield></datafield><datafield ind1=" " ind2=" " tag="580"><subfield code="a">Daily eds.: Middletown evening press, 1870-1872, and: Middletown daily evening press, 1872-1876, and: Middletown daily press, 1876-1906.</subfield></datafield><datafield ind1=" " ind2="0" tag="651"><subfield code="a">Middletown (N.Y.)</subfield><subfield code="v">Newspapers.</subfield></datafield><datafield ind1=" " ind2="0" tag="651"><subfield code="a">Orange County (N.Y.)</subfield><subfield code="v">Newspapers.</subfield></datafield><datafield ind1=" " ind2=" " tag="752"><subfield code="a">United States</subfield><subfield code="b">New York</subfield><subfield code="c">Orange</subfield><subfield code="d">Middletown.</subfield></datafield><datafield ind1="1" ind2=" " tag="775"><subfield code="t">Middletown evening press</subfield><subfield code="w">(DLC)sn 83031292</subfield><subfield code="w">(OCoLC)9977840</subfield></datafield><datafield ind1="1" ind2=" " tag="775"><subfield code="t">Middletown daily evening press</subfield><subfield code="w">(DLC)sn 90066238</subfield><subfield code="w">(OCoLC)22175156</subfield></datafield><datafield ind1="1" ind2=" " tag="775"><subfield code="t">Middletown daily press</subfield><subfield code="w">(DLC)sn 83031293</subfield><subfield code="w">(OCoLC)9977983</subfield></datafield><datafield ind1="0" ind2="0" tag="780"><subfield code="t">Whig press and Orange County local record (Middletown, N.Y. : 1862)</subfield><subfield code="w">(DLC)sn 83031282</subfield><subfield code="w">(OCoLC)9967965</subfield></datafield><datafield ind1="0" ind2="7" tag="785"><subfield code="t">Orange County times</subfield><subfield code="w">(DLC)sn 84031290</subfield><subfield code="w">(OCoLC)10798142</subfield></datafield><datafield ind1="0" ind2="7" tag="785"><subfield code="t">Orange County times-press</subfield><subfield code="w">(DLC)sn 84031291</subfield><subfield code="w">(OCoLC)10812423</subfield></datafield></record>